@article{pennycook,
	title={The {Implied Truth Effect}: Attaching warnings to a subset of fake news stories increases perceived accuracy of stories without warnings},
	author={Pennycook, Gordon and Bear, Adam and Collins, Evan T. and Rand, David G.},
	year={2019},
	doi={https://dx.doi.org/10.2139/ssrn.3035384}
}
